@article{bora2017compressed,
	title={Compressed Sensing using Generative Models},
	author={Bora, Ashish and Jalal, Ajil and Price, Eric and Dimakis, Alexandros G},
	journal={arXiv preprint arXiv:1703.03208},
	year={2017}
}
@article{lecun1998gradient,
	title={Gradient-based learning applied to document recognition},
	author={LeCun, Yann and Bottou, L{\'e}on and Bengio, Yoshua and Haffner, Patrick},
	journal={Proceedings of the IEEE},
	volume={86},
	number={11},
	pages={2278--2324},
	year={1998},
	publisher={IEEE}
}
@inproceedings{zhu2016generative,
	title={Generative Visual Manipulation on the Natural Image Manifold},
	author={Zhu, Jun-Yan and Kr{\"a}henb{\"u}hl, Philipp and Shechtman, Eli and Efros, Alexei A.},
	booktitle={Proceedings of European Conference on Computer Vision (ECCV)},
	year={2016}
}

@article{brock2016neural,
	title={Neural photo editing with introspective adversarial networks},
	author={Brock, Andrew and Lim, Theodore and Ritchie, James M and Weston, Nick},
	journal={arXiv preprint arXiv:1609.07093},
	year={2016}
}
@inproceedings{chen2016infogan,
	title={Infogan: Interpretable representation learning by information maximizing generative adversarial nets},
	author={Chen, Xi and Duan, Yan and Houthooft, Rein and Schulman, John and Sutskever, Ilya and Abbeel, Pieter},
	booktitle={Advances in Neural Information Processing Systems},
	pages={2172--2180},
	year={2016}
}
@article{zhao2016energy,
	title={Energy-based generative adversarial network},
	author={Zhao, Junbo and Mathieu, Michael and LeCun, Yann},
	journal={arXiv preprint arXiv:1609.03126},
	year={2016}
}
@inproceedings{shah2011iterative,
	title={Iterative projections for signal identification on manifolds: Global recovery guarantees},
	author={Shah, Parikshit and Chandrasekaran, Venkat},
	booktitle={Communication, Control, and Computing (Allerton), 2011 49th Annual Allerton Conference on},
	pages={760--767},
	year={2011},
	organization={IEEE}
}
@article{radford2015unsupervised,
	title={Unsupervised representation learning with deep convolutional generative adversarial networks},
	author={Radford, Alec and Metz, Luke and Chintala, Soumith},
	journal={arXiv preprint arXiv:1511.06434},
	year={2015}
}
@url{taehoon2017,
	title= {A tensorflow implementation of “deep convolutional generative adversarial networks”},
author={Taehoon, Kim},
url={https://github.com/carpedm20/DCGAN-tensorflow},
year={2017}
}
@article{donoho2006compressed,
	title={Compressed sensing},
	author={Donoho, David L},
	journal={IEEE Transactions on information theory},
	volume={52},
	number={4},
	pages={1289--1306},
	year={2006},
	publisher={IEEE}
}
@article{kingma2014adam,
	title={Adam: A method for stochastic optimization},
	author={Kingma, Diederik and Ba, Jimmy},
	journal={arXiv preprint arXiv:1412.6980},
	year={2014}
}
@inproceedings{candes2006compressive,
	title={Compressive sampling},
	author={Cand{\`e}s, Emmanuel J and others},
	booktitle={Proceedings of the international congress of mathematicians},
	volume={3},
	pages={1433--1452},
	year={2006},
	organization={Madrid, Spain}
}

@article{candes2006stable,
	title={Stable signal recovery from incomplete and inaccurate measurements},
	author={Candes, Emmanuel J and Romberg, Justin K and Tao, Terence},
	journal={Communications on pure and applied mathematics},
	volume={59},
	number={8},
	pages={1207--1223},
	year={2006},
	publisher={Wiley Online Library}
}


@inproceedings{liu2015deep,
	title={Deep learning face attributes in the wild},
	author={Liu, Ziwei and Luo, Ping and Wang, Xiaogang and Tang, Xiaoou},
	booktitle={Proceedings of the IEEE International Conference on Computer Vision},
	pages={3730--3738},
	year={2015}
}

@inproceedings{goodfellow2014generative,
	title={Generative adversarial nets},
	author={Goodfellow, Ian and Pouget-Abadie, Jean and Mirza, Mehdi and Xu, Bing and Warde-Farley, David and Ozair, Sherjil and Courville, Aaron and Bengio, Yoshua},
	booktitle={Advances in neural information processing systems},
	pages={2672--2680},
	year={2014}
}
@article{donoho1995noising,
	title={De-noising by soft-thresholding},
	author={Donoho, David L},
	journal={IEEE transactions on information theory},
	volume={41},
	number={3},
	pages={613--627},
	year={1995},
	publisher={IEEE}
}
@article{xu2010image,
	title={Image inpainting by patch propagation using patch sparsity},
	author={Xu, Zongben and Sun, Jian},
	journal={IEEE transactions on image processing},
	volume={19},
	number={5},
	pages={1153--1165},
	year={2010},
	publisher={IEEE}
}

@article{dong2011image,
	title={Image deblurring and super-resolution by adaptive sparse domain selection and adaptive regularization},
	author={Dong, Weisheng and Zhang, Lei and Shi, Guangming and Wu, Xiaolin},
	journal={IEEE Transactions on Image Processing},
	volume={20},
	number={7},
	pages={1838--1857},
	year={2011},
	publisher={IEEE}
}
@article{elad2006image,
	title={Image denoising via sparse and redundant representations over learned dictionaries},
	author={Elad, Michael and Aharon, Michal},
	journal={IEEE Transactions on Image processing},
	volume={15},
	number={12},
	pages={3736--3745},
	year={2006},
	publisher={IEEE}
}
@article{aharon2006rm,
	title={$ rm k $-SVD: An algorithm for designing overcomplete dictionaries for sparse representation},
	author={Aharon, Michal and Elad, Michael and Bruckstein, Alfred},
	journal={IEEE Transactions on signal processing},
	volume={54},
	number={11},
	pages={4311--4322},
	year={2006},
	publisher={IEEE}
}

@article{rudin1992nonlinear,
	title={Nonlinear total variation based noise removal algorithms},
	author={Rudin, Leonid I and Osher, Stanley and Fatemi, Emad},
	journal={Physica D: Nonlinear Phenomena},
	volume={60},
	number={1-4},
	pages={259--268},
	year={1992},
	publisher={Elsevier}
}

@article{chambolle2004algorithm,
	title={An algorithm for total variation minimization and applications},
	author={Chambolle, Antonin},
	journal={Journal of Mathematical imaging and vision},
	volume={20},
	number={1},
	pages={89--97},
	year={2004},
	publisher={Springer}
}

@article{chan2006total,
	title={Total variation wavelet inpainting},
	author={Chan, Tony F and Shen, Jianhong and Zhou, Hao-Min},
	journal={Journal of Mathematical imaging and Vision},
	volume={25},
	number={1},
	pages={107--125},
	year={2006},
	publisher={Springer}
}
@article{lecun2015deep,
	title={Deep learning},
	author={LeCun, Yann and Bengio, Yoshua and Hinton, Geoffrey},
	journal={Nature},
	volume={521},
	number={7553},
	pages={436--444},
	year={2015},
	publisher={Nature Research}
}

@inproceedings{kulkarni2016reconnet,
	title={Reconnet: Non-iterative reconstruction of images from compressively sensed measurements},
	author={Kulkarni, Kuldeep and Lohit, Suhas and Turaga, Pavan and Kerviche, Ronan and Ashok, Amit},
	booktitle={Proceedings of the IEEE Conference on Computer Vision and Pattern Recognition},
	pages={449--458},
	year={2016}
}
@article{mousavi2017learning,
	title={Learning to invert: Signal recovery via deep convolutional networks},
	author={Mousavi, Ali and Baraniuk, Richard G},
	journal={arXiv preprint arXiv:1701.03891},
	year={2017}
}
@inproceedings{mousavi2015deep,
	title={A deep learning approach to structured signal recovery},
	author={Mousavi, Ali and Patel, Ankit B and Baraniuk, Richard G},
	booktitle={Communication, Control, and Computing (Allerton), 2015 53rd Annual Allerton Conference on},
	pages={1336--1343},
	year={2015},
	organization={IEEE}
}

@inproceedings{xu2014deep,
	title={Deep convolutional neural network for image deconvolution},
	author={Xu, Li and Ren, Jimmy SJ and Liu, Ce and Jia, Jiaya},
	booktitle={Advances in Neural Information Processing Systems},
	pages={1790--1798},
	year={2014}
}

@article{arjovsky2017wasserstein,
	title={Wasserstein gan},
	author={Arjovsky, Martin and Chintala, Soumith and Bottou, L{\'e}on},
	journal={arXiv preprint arXiv:1701.07875},
	year={2017}
}
@article{berthelot2017began,
	title={Began: Boundary equilibrium generative adversarial networks},
	author={Berthelot, David and Schumm, Tom and Metz, Luke},
	journal={arXiv preprint arXiv:1703.10717},
	year={2017}
}

@article{yeh2016semantic,
	title={Semantic image inpainting with perceptual and contextual losses},
	author={Yeh, Raymond and Chen, Chen and Lim, Teck Yian and Hasegawa-Johnson, Mark and Do, Minh N},
	journal={arXiv preprint arXiv:1607.07539},
	year={2016}
}
@article{dong2016image,
	title={Image super-resolution using deep convolutional networks},
	author={Dong, Chao and Loy, Chen Change and He, Kaiming and Tang, Xiaoou},
	journal={IEEE transactions on pattern analysis and machine intelligence},
	volume={38},
	number={2},
	pages={295--307},
	year={2016},
	publisher={IEEE}
}

@article{ledig2016photo,
	title={Photo-realistic single image super-resolution using a generative adversarial network},
	author={Ledig, Christian and Theis, Lucas and Husz{\'a}r, Ferenc and Caballero, Jose and Cunningham, Andrew and Acosta, Alejandro and Aitken, Andrew and Tejani, Alykhan and Totz, Johannes and Wang, Zehan and others},
	journal={arXiv preprint arXiv:1609.04802},
	year={2016}
}
@article{kelly2017deep,
	title={Deep Learning-Guided Image Reconstruction from Incomplete Data},
	author={Kelly, Brendan and Matthews, Thomas P and Anastasio, Mark A},
	journal={arXiv preprint arXiv:1709.00584},
	year={2017}
}
@inproceedings{rick2017one,
	title={One Network to Solve Them All--Solving Linear Inverse Problems Using Deep Projection Models},
	author={Rick Chang, JH and Li, Chun-Liang and Poczos, Barnabas and Vijaya Kumar, BVK and Sankaranarayanan, Aswin C},
	booktitle={Proceedings of the IEEE Conference on Computer Vision and Pattern Recognition},
	pages={5888--5897},
	year={2017}
}
@inproceedings{kim2016accurate,
	title={Accurate image super-resolution using very deep convolutional networks},
	author={Kim, Jiwon and Kwon Lee, Jung and Mu Lee, Kyoung},
	booktitle={Proceedings of the IEEE Conference on Computer Vision and Pattern Recognition},
	pages={1646--1654},
	year={2016}
}

@inproceedings{ICCP15_Zhao,
  author = {Hang, Z. and Boxin, S. and Christy, F. and Sai-Kit, Y. and Ramesh, R.},
  title = {Unbounded High Dynamic Range Photography using a Modulo Camera},
  booktitle = {Intl. Conf. on Comp. Photography (ICCP)},
  year = {2015}
}

@article{bioucas2007phase,
	title={Phase unwrapping via graph cuts},
	author={Bioucas-Dias, J. and Valadao, G.},
	journal={{IEEE} Trans. Image Proc.},
	volume={16},
	number={3},
	pages={698--709},
	year={2007},
	publisher={IEEE}
}

@article{kamilov2012message,
	title={Message-passing de-quantization with applications to compressed sensing},
	author={Kamilov, U. and Goyal, V. and Rangan, S.},
	journal={{IEEE} Trans. Sig. Proc.},
	volume={60},
	number={12},
	pages={6270--6281},
	year={2012},
	publisher={IEEE}
}

@article{DBLP:journals/corr/JacquesC16,
	author    = {Laurent, J. and Valerio, C.},
	title     = {Time for dithering: fast and quantized random embeddings via the restricted
	isometry property},
	journal   = {CoRR},
	volume    = {abs/1607.00816},
	year      = {2016},
	url       = {http://arxiv.org/abs/1607.00816},
	timestamp = {Tue, 02 Aug 2016 12:59:27 +0200},
	biburl    = {http://dblp.uni-trier.de/rec/bib/journals/corr/JacquesC16},
	bibsource = {dblp computer science bibliography, http://dblp.org}
}

@article{soltani2017stable,
	title={Stable Recovery Of Sparse Vectors From Random Sinusoidal Feature Maps},
	author={Soltani, M. and Hegde, C.},
	journal={arXiv preprint arXiv:1701.06607},
	year={2017}
}

@article{baraniuk2010model,
	title={Model-based compressive sensing},
	author={Baraniuk, R. and Cevher, V. and Duarte, M. and Hegde, C.},
	journal={{IEEE} Trans. Inform. Theory},
	volume={56},
	number={4},
	pages={1982--2001},
	year={2010},
	publisher={IEEE}
}

@article{recht2010guaranteed,
	title={Guaranteed minimum-rank solutions of linear matrix equations via nuclear norm minimization},
	author={Recht, B. and Fazel, M. and Parrilo, P.},
	journal={SIAM review},
	volume={52},
	number={3},
	pages={471--501},
	year={2010},
	publisher={SIAM}
}

@article{soltani2016fast,
	title={Fast algorithms for demixing sparse signals from nonlinear observations},
	author={Soltani, M. and Hegde, C.},
	journal={arXiv preprint arXiv:1608.01234},
	year={2016}
}

@article{asif2017flatcam,
	title={Flatcam: Thin, lensless cameras using coded aperture and computation},
	author={Asif, Salman and Ayremlou, Ali and Sankaranarayanan, Aswin and Veeraraghavan, Ashok and Baraniuk, Richard},
	journal={IEEE Trans. on Comp. Imaging},
	year={2017},
	publisher={IEEE}
}

@article{jacques2011dequantizing,
	title={Dequantizing compressed sensing: When oversampling and non-gaussian constraints combine},
	author={Laurent, J. and Hammond, D. and Fadili, J.},
	journal={{IEEE} Trans. Inform. Theory},
	volume={57},
	number={1},
	pages={559--571},
	year={2011},
	publisher={IEEE}
}
